<record><leader>00000cas a22000007a 4500</leader><controlfield tag="001">15149130</controlfield><controlfield tag="008">870204d19731979wiuwr ne      0    0eng d</controlfield><datafield ind1=" " ind2=" " tag="010"><subfield code="a">sn 87082182 </subfield></datafield><datafield ind1=" " ind2=" " tag="040"><subfield code="a">NPV</subfield><subfield code="b">eng</subfield><subfield code="c">NPV</subfield><subfield code="d">OCLCQ</subfield></datafield><datafield ind1=" " ind2=" " tag="042"><subfield code="a">msc</subfield></datafield><datafield ind1="0" ind2="0" tag="245"><subfield code="a">Shopper's newsletter.</subfield></datafield><datafield ind1="1" ind2="7" tag="246"><subfield code="a">Oxford shopper's newsletter</subfield></datafield><datafield ind1=" " ind2=" " tag="260"><subfield code="a">Oxford, Wis. :</subfield><subfield code="b">Darwin McFarlin,</subfield><subfield code="c">1973-1979.</subfield></datafield><datafield ind1=" " ind2=" " tag="300"><subfield code="a">v.</subfield></datafield><datafield ind1=" " ind2=" " tag="310"><subfield code="a">Weekly</subfield></datafield><datafield ind1="0" ind2=" " tag="362"><subfield code="a">Vol. 25, no. 18 (Aug. 16, 1973)-v. 30, no. 16 (July 25, 1979).</subfield></datafield><datafield ind1=" " ind2=" " tag="752"><subfield code="a">United States</subfield><subfield code="b">Wisconsin</subfield><subfield code="c">Marquette</subfield><subfield code="d">Oxford.</subfield></datafield><datafield ind1="0" ind2="0" tag="780"><subfield code="t">Oxford shopper's newsletter</subfield><subfield code="w">(DLC)sn 87082181</subfield></datafield></record>